@article{Aad:2008zzm,
  author         = "Aad, G. and others",
  title          = "{The ATLAS Experiment at the CERN Large Hadron Collider}",
  collaboration  = "ATLAS Collaboration",
  journal        = "JINST",
  volume         = "3",
  year           = "2008",
  pages          = "S08003",
  doi            = "10.1088/1748-0221/3/08/S08003",
  SLACcitation   = "%%CITATION = JINST,3,S08003;%%"
}
